<?xml version="1.0" encoding="UTF-8"?><record xmlns="http://www.loc.gov/MARC21/slim" xmlns:cinclude="http://apache.org/cocoon/include/1.0" xmlns:zs="http://www.loc.gov/zing/srw/">
  <leader>00418cz  a2200145n  4500</leader>
  <controlfield tag="001">no2002094310</controlfield>
  <controlfield tag="003">DLC</controlfield>
  <controlfield tag="005">20071130075201.0</controlfield>
  <controlfield tag="008">021015n| acannaabn          |n aaa     c</controlfield>
  <datafield tag="010" ind1=" " ind2=" ">
    <subfield code="a">no2002094310</subfield>
  </datafield>
  <datafield tag="035" ind1=" " ind2=" ">
    <subfield code="a">(OCoLC)oca05888500</subfield>
  </datafield>
  <datafield tag="040" ind1=" " ind2=" ">
    <subfield code="a">MoSW</subfield>
    <subfield code="b">eng</subfield>
    <subfield code="c">MoSW</subfield>
    <subfield code="d">DLC</subfield>
  </datafield>
  <datafield tag="053" ind1=" " ind2="0">
    <subfield code="a">PT2702.A74</subfield>
  </datafield>
  <datafield tag="100" ind1="1" ind2=" ">
    <subfield code="a">Bärfuss, Lukas,</subfield>
    <subfield code="d">1971-</subfield>
  </datafield>
  <datafield tag="670" ind1=" " ind2=" ">
    <subfield code="a">Die toten Männer, 2002:</subfield>
    <subfield code="b">t.p. (Lukas Bärfuss) p. 2 (b. 1971; lives in Zürich)</subfield>
  </datafield>
</record>